3006 4968
230 297 263 360 xl
441 293 705 358 OOLLATION
728 294 787 358 OF
809 293 901 357 THE
923 291 1142 357 EDITIONS
1168 292 1239 356 OF·
1297 368 1304 381 U

729 707 867 762 SATIRA
884 707 934 762 VI.

275 869 341 905 mun
519 867 678 906 uacuam.
1112 864 1196 901 canu.

311 936 345 982 34
377 934 449 998 pusio
919 934 997 998 pugio

312 1000 344 1048 35
410 1035 426 1058 ss
953 1033 969 1058 n

318 1099 335 1122 η
377 1069 445 1130 81th
919 1068 987 1115 01oe

310 1131 344 1178 46
375 1131 483 1180 mediam
918 1130 1022 1178 nimiam

310 1195 343 1244 65
375 1197 490 1259 amplexu
496 1216 504 1257 3
516 1196 626 1247 subitum
637 1199 663 1247 et
673 1197 811 1246 miserabile
918 1195 1034 1259 amplexu
1045 1194 1128 1242 subito
1139 1195 1166 1242 et
1173 1192 1322 1248 miserabile,

310 1260 344 1311 70
375 1262 437 1310 Acci
918 1276 980 1309 acne

294 1326 344 1373 120
377 1326 427 1375 Sed
919 1326 954 1374 Et

294 1390 343 1438 123
376 1392 497 1441 Constitit
861 1412 868 1422 =
919 1390 1039 1439 Prostitit

294 1455 343 1506 137
376 1457 513 1520 quingenta
918 1456 1045 1519 quingena

295 1522 343 1568 138
376 1523 480 1571 Veneris
490 1522 615 1586 pharetris
918 1522 1042 1584 pharetris
1053 1520 1157 1569 Veneris

294 1586 343 1634 152
375 1590 402 1636 ct
918 1587 963 1635 sed

294 1651 343 1698 166
375 1653 441 1701 ferat
917 1652 983 1700 feret
1104 1705 1106 1708 ,

294 1714 343 1771 172
375 1717 470 1781 depone
918 1718 965 1766 dea
976 1732 1040 1780 pone

294 1779 343 1830 271
376 1783 440 1831 'him
919 1782 983 1830 Cum

293 1846 343 1897 276
376 1864 481 1897 curruca
919 1847 1004 1896 Uruca
1093 1866 1097 1875 ·

294 1911 343 1962 277
375 1929 437 1977 quas
918 1916 980 1975 quot

294 1976 343 2025 285
376 1977 505 2027 acrimine
918 1977 1047 2026 ecrimine

294 2042 343 2090 295
376 2044 437 2092 istos
919 2043 996 2090 Indos

268 2105 344 2158 807·8
919 2107 953 2155 In
963 2107 1036 2156 order
1046 2108 1104 2163 308,
1117 2106 1166 2159 307

294 2172 344 2220 316
377 2174 494 2236 Priapum
919 2172 1006 2236 Priapi

293 2238 342 2285 321
375 2243 402 2288 et
919 2253 948 2286 ac

293 2304 343 2350 328
376 2305 403 2353 It
413 2307 469 2354 toto
479 2304 573 2368 puriter
918 2302 1127 2366 Acparitertoto

293 2366 342 2417 357
535 2396 542 2409 ·
918 2368 994 2417 omits
1002 2372 1040 2416 est

293 2435 343 2482 363
375 2438 402 2484 at
917 2448 948 2482 ac

293 2500 342 2548 383
374 2516 475 2564 operam
726 2500 728 2505 ’
918 2513 1006 2561 operas

293 2563 342 2613 385
374 2566 420 2615 alti
503 2601 505 2604 ψ
919 2563 984 2627 Appi

217 2662 221 2671 ,
292 2630 341 2678 386
374 2630 438 2680 Cum
919 2628 955 2677 Et

292 2695 341 2744 395
373 2699 404 2745 ut
918 2693 985 2756 quod

293 2761 342 2808 399
374 2777 448 2824 quum
918 2774 981 2822 quae

293 2826 341 2872 401
374 2825 515 2888 strictisque
918 2824 1037 2886 siccisque

292 2890 342 2938 439
371 2890 489 2953 loquatur
918 2889 1035 2952 loquatur

292 2956 341 3002 441
372 2958 413 3004 tot
423 2954 592 3003 tintinnabula
917 2969 948 3002 ac
958 2953 1128 3002 tintinnabula

293 3021 342 3068 449
373 3023 474 3069 curtum
918 3035 1024 3068 curvum

266 3084 343 3132 4616
920 3084 953 3133 In
962 3083 1090 3148 following
1099 3084 1171 3133 order
1181 3085 1266 3142 4646,
1278 3087 1352 3135 4616

293 3150 343 3198 464
373 3146 457 3195 veniet
466 3147 520 3195 lota
789 3154 792 3158 ⁴
918 3150 1087 3199 lotaveniunt

292 3215 342 3263 509
373 3213 463 3260 marito
918 3215 1005 3264 mariti

293 3279 342 3329 585
374 3278 471 3326 dabunt
918 3280 989 3329 dabit

309 3380 325 3402 „
374 3343 453 3391 Indus
918 3345 976 3394 inde

292 3410 342 3459 603
373 3410 449 3471 atque
742 3436 744 3443 ,
918 3412 989 3474 saepe

293 3476 343 3523 609
374 3473 457 3521 ridens
918 3491 1013 3538 semper
1047 3526 1050 3535 ,
1082 3482 1091 3495 ·

293 3542 341 3589 611
374 3538 474 3587 valeant
706 3545 710 3551 ’
918 3541 1002 3589 valeat

292 3606 343 3654 640
373 3603 470 3661 facinus
479 3605 564 3650 temen
918 3606 1126 3655 facinus2tamen

292 3672 342 3720 643
373 3684 447 3717 saeva
918 3674 990 3720 torva

720 3912 857 3968 SATIRA
875 3913 943 3969 VII.

310 4109 343 4155 23
375 4122 519 4157 croceae..
538 4109 669 4158 .tubellae
918 4114 1170 4163 croces...tabells

311 4173 344 4220 36
375 4174 466 4236 Accipe
477 4189 544 4223 nuuc
555 4178 621 4224 artes
633 4190 664 4223 ne
917 4178 1009 4241 Accipe
1019 4193 1087 4227 nunc
1099 4184 1174 4229 artes.
1217 4180 1258 4228 Ne

283 4235 344 4287 378
376 4239 473 4288 relicta.
508 4240 566 4303 Ipse
796 4291 798 4297 ,
918 4243 1013 4299 relicta,
1024 4244 1078 4307 ipse

310 4303 343 4351 45
376 4306 492 4353 constent
918 4311 1035 4358 constant

310 4369 344 4417 48
376 4368 496 4432 tenuique
818 4375 826 4383 '
918 4373 1048 4437 tenuisque

310 4432 344 4482 50
375 4433 499 4483 ambitiosi
572 4476 574 4481 .
729 4476 732 4481 .
883 4437 887 4443 ’
920 4439 1077 4487 ambitiosum
1129 4479 1132 4485 ,
